@misc{jurafskyspeech,
	title={{Speech and Language Processing: An Introduction to Natural Language Processing, Computational Linguistics, and Speech Recognition}},
	author={Jurafsky, Daniel and Martin, James H},
	year={2020},
	month={December},
	publisher={Prentice-Hall},
	edition={3}
}